<?xml version="1.0" encoding="UTF-8"?><collection xmlns="http://www.loc.gov/MARC21/slim"><record><leader>00670nam--2200217-i-4500</leader><controlfield tag="001">000002630</controlfield><controlfield tag="002">20161230</controlfield><controlfield tag="005">20170222150246</controlfield><controlfield tag="008">060222s1000------------r-----000-0-fre-d</controlfield><datafield ind1=" " ind2=" " tag="040"><subfield code="a">IFIN-HH</subfield></datafield><datafield ind1=" " ind2=" " tag="041"><subfield code="a">fre</subfield></datafield><datafield ind1=" " ind2=" " tag="080"><subfield code="a">530.145</subfield></datafield><datafield ind1="1" ind2=" " tag="100"><subfield code="a">Brillouin, Leon</subfield></datafield><datafield ind1="1" ind2="0" tag="245"><subfield code="a">Les statistiques quantiques et leurs applications. La theorie des quanta</subfield><subfield code="c">Leon Brillouin</subfield></datafield><datafield ind1=" " ind2=" " tag="250"><subfield code="a">Deuxieme Edition</subfield></datafield><datafield ind1=" " ind2=" " tag="260"><subfield code="a">Paris</subfield><subfield code="b">Les Presses Universitaires De France</subfield><subfield code="c">1930</subfield></datafield><datafield ind1=" " ind2=" " tag="300"><subfield code="a">2 vol</subfield></datafield><datafield ind1=" " ind2=" " tag="490"><subfield code="a">Recueil Des Conferences-rapports De Documentation Sur La Physique</subfield><subfield code="v">Vol. 18</subfield></datafield><datafield ind1="1" ind2=" " tag="787"><subfield code="a">Vol.II</subfield><subfield code="h">/192 p./+402 p</subfield></datafield><datafield ind1=" " ind2=" " tag="852"><subfield code="a">44428</subfield><subfield code="c">H.H</subfield></datafield><datafield ind1=" " ind2=" " tag="CAT"><subfield code="a">SYS</subfield><subfield code="c">20170222</subfield><subfield code="h">150246</subfield></datafield></record></collection>